%YAML 1.1
%TAG !u! tag:unity3d.com,2011:
--- !u!64 &2202553967294603028
MeshCollider:
  m_ObjectHideFlags: 0
  m_CorrespondingSourceObject: {fileID: 0}
  m_PrefabInstance: {fileID: 0}
  m_PrefabAsset: {fileID: 0}
  m_GameObject: {fileID: 3531767796018771567}
  m_Material: {fileID: 0}
  m_IsTrigger: 0
  m_Enabled: 1
  serializedVersion: 3
  m_Convex: 1
  m_CookingOptions: 14
  m_Mesh: {fileID: -5495902117074765545, guid: 69f2ddeafbba20e46a6fd613b8feed89, type: 3}
--- !u!114 &5122161287129321298
MonoBehaviour:
  m_ObjectHideFlags: 0
  m_CorrespondingSourceObject: {fileID: 0}
  m_PrefabInstance: {fileID: 0}
  m_PrefabAsset: {fileID: 0}
  m_GameObject: {fileID: 3531767796018771567}
  m_Enabled: 1
  m_EditorHideFlags: 0
  m_Script: {fileID: 11500000, guid: e1b784d1df31c5341afffdb5004cd721, type: 3}
  m_Name: 
  m_EditorClassIdentifier: 
--- !u!1 &8483577330999162755
GameObject:
  m_ObjectHideFlags: 0
  m_CorrespondingSourceObject: {fileID: 0}
  m_PrefabInstance: {fileID: 0}
  m_PrefabAsset: {fileID: 0}
  serializedVersion: 6
  m_Component:
  - component: {fileID: 8483577330999162758}
  - component: {fileID: 8483577330999162759}
  - component: {fileID: 8483577330999162757}
  m_Layer: 14
  m_Name: QuickShooter
  m_TagString: Untagged
  m_Icon: {fileID: 0}
  m_NavMeshLayer: 0
  m_StaticEditorFlags: 0
  m_IsActive: 1
--- !u!4 &8483577330999162758
Transform:
  m_ObjectHideFlags: 0
  m_CorrespondingSourceObject: {fileID: 0}
  m_PrefabInstance: {fileID: 0}
  m_PrefabAsset: {fileID: 0}
  m_GameObject: {fileID: 8483577330999162755}
  m_LocalRotation: {x: 0, y: 0, z: 0, w: 1}
  m_LocalPosition: {x: 0, y: 0, z: 0}
  m_LocalScale: {x: 1, y: 1, z: 2}
  m_Children:
  - {fileID: 529179285945713788}
  m_Father: {fileID: 0}
  m_RootOrder: 0
  m_LocalEulerAnglesHint: {x: 0, y: 0, z: 0}
--- !u!114 &8483577330999162759
MonoBehaviour:
  m_ObjectHideFlags: 0
  m_CorrespondingSourceObject: {fileID: 0}
  m_PrefabInstance: {fileID: 0}
  m_PrefabAsset: {fileID: 0}
  m_GameObject: {fileID: 8483577330999162755}
  m_Enabled: 1
  m_EditorHideFlags: 0
  m_Script: {fileID: 11500000, guid: 90fce0332da20c24db7fc1fbea0c95ff, type: 3}
  m_Name: 
  m_EditorClassIdentifier: 
  HP: 10
  Speed: 3
  Invulnerable: 0
  objectPooler: {fileID: 0}
  shakeable: {fileID: 5122161287129321298}
  movementActions: []
  currentMovementAction: 0
--- !u!54 &8483577330999162757
Rigidbody:
  m_ObjectHideFlags: 0
  m_CorrespondingSourceObject: {fileID: 0}
  m_PrefabInstance: {fileID: 0}
  m_PrefabAsset: {fileID: 0}
  m_GameObject: {fileID: 8483577330999162755}
  serializedVersion: 2
  m_Mass: 200
  m_Drag: 20
  m_AngularDrag: 0.05
  m_UseGravity: 0
  m_IsKinematic: 0
  m_Interpolate: 0
  m_Constraints: 116
  m_CollisionDetection: 0
--- !u!1001 &4765566034781646694
PrefabInstance:
  m_ObjectHideFlags: 0
  serializedVersion: 2
  m_Modification:
    m_TransformParent: {fileID: 8483577330999162758}
    m_Modifications:
    - target: {fileID: -927199367670048503, guid: 69f2ddeafbba20e46a6fd613b8feed89,
        type: 3}
      propertyPath: m_Name
      value: BigShooter
      objectReference: {fileID: 0}
    - target: {fileID: -927199367670048503, guid: 69f2ddeafbba20e46a6fd613b8feed89,
        type: 3}
      propertyPath: m_Layer
      value: 14
      objectReference: {fileID: 0}
    - target: {fileID: -4216859302048453862, guid: 69f2ddeafbba20e46a6fd613b8feed89,
        type: 3}
      propertyPath: m_LocalPosition.x
      value: -0
      objectReference: {fileID: 0}
    - target: {fileID: -4216859302048453862, guid: 69f2ddeafbba20e46a6fd613b8feed89,
        type: 3}
      propertyPath: m_LocalPosition.y
      value: 0
      objectReference: {fileID: 0}
    - target: {fileID: -4216859302048453862, guid: 69f2ddeafbba20e46a6fd613b8feed89,
        type: 3}
      propertyPath: m_LocalPosition.z
      value: 0
      objectReference: {fileID: 0}
    - target: {fileID: -4216859302048453862, guid: 69f2ddeafbba20e46a6fd613b8feed89,
        type: 3}
      propertyPath: m_LocalRotation.x
      value: -0.7071068
      objectReference: {fileID: 0}
    - target: {fileID: -4216859302048453862, guid: 69f2ddeafbba20e46a6fd613b8feed89,
        type: 3}
      propertyPath: m_LocalRotation.y
      value: 0
      objectReference: {fileID: 0}
    - target: {fileID: -4216859302048453862, guid: 69f2ddeafbba20e46a6fd613b8feed89,
        type: 3}
      propertyPath: m_LocalRotation.z
      value: -0
      objectReference: {fileID: 0}
    - target: {fileID: -4216859302048453862, guid: 69f2ddeafbba20e46a6fd613b8feed89,
        type: 3}
      propertyPath: m_LocalRotation.w
      value: 0.7071068
      objectReference: {fileID: 0}
    - target: {fileID: -4216859302048453862, guid: 69f2ddeafbba20e46a6fd613b8feed89,
        type: 3}
      propertyPath: m_RootOrder
      value: 0
      objectReference: {fileID: 0}
    - target: {fileID: -4216859302048453862, guid: 69f2ddeafbba20e46a6fd613b8feed89,
        type: 3}
      propertyPath: m_LocalEulerAnglesHint.x
      value: 0
      objectReference: {fileID: 0}
    - target: {fileID: -4216859302048453862, guid: 69f2ddeafbba20e46a6fd613b8feed89,
        type: 3}
      propertyPath: m_LocalEulerAnglesHint.y
      value: 0
      objectReference: {fileID: 0}
    - target: {fileID: -4216859302048453862, guid: 69f2ddeafbba20e46a6fd613b8feed89,
        type: 3}
      propertyPath: m_LocalEulerAnglesHint.z
      value: 0
      objectReference: {fileID: 0}
    - target: {fileID: -4216859302048453862, guid: 69f2ddeafbba20e46a6fd613b8feed89,
        type: 3}
      propertyPath: m_LocalScale.x
      value: 0.2
      objectReference: {fileID: 0}
    - target: {fileID: -4216859302048453862, guid: 69f2ddeafbba20e46a6fd613b8feed89,
        type: 3}
      propertyPath: m_LocalScale.y
      value: 0.5
      objectReference: {fileID: 0}
    - target: {fileID: -4216859302048453862, guid: 69f2ddeafbba20e46a6fd613b8feed89,
        type: 3}
      propertyPath: m_LocalScale.z
      value: 0.5
      objectReference: {fileID: 0}
    - target: {fileID: -1504981713932161579, guid: 69f2ddeafbba20e46a6fd613b8feed89,
        type: 3}
      propertyPath: m_Materials.Array.data[0]
      value: 
      objectReference: {fileID: 2100000, guid: dca1e13bb561ec4429de61faae45a891, type: 2}
    m_RemovedComponents: []
  m_SourcePrefab: {fileID: 100100000, guid: 69f2ddeafbba20e46a6fd613b8feed89, type: 3}
--- !u!1 &3531767796018771567 stripped
GameObject:
  m_CorrespondingSourceObject: {fileID: -927199367670048503, guid: 69f2ddeafbba20e46a6fd613b8feed89,
    type: 3}
  m_PrefabInstance: {fileID: 4765566034781646694}
  m_PrefabAsset: {fileID: 0}
--- !u!4 &529179285945713788 stripped
Transform:
  m_CorrespondingSourceObject: {fileID: -4216859302048453862, guid: 69f2ddeafbba20e46a6fd613b8feed89,
    type: 3}
  m_PrefabInstance: {fileID: 4765566034781646694}
  m_PrefabAsset: {fileID: 0}
